@article{puras2014neurovisualization,
  title={The neurovisualization methods in diagnostics of head injury. Part 1. Computer tomography and magnetic resonance imaging},
  author={Puras, Ju V and Grigorieva, EV},
  journal={Russian journal of neurosurgery},
  number={2},
  pages={7--16},
  year={2014}
}

@article{fmriapplications,
  title={Functional MRI: Genesis, State of the art and the Sequel},
  author={Rose Dawn Bharath},
  journal={doi: 10.4103/0971-3026.130684}
}

@article{bold,
    author = {E. Raichle, Marcus},
    title = {The Brain's Dark Energy},
    journal = {Scientific American 302 (3): 44â€“49},
    year = {2010},
    doi = {doi:10.1038/scientificamerican0310-44}
}

@article{Berezutskaya2022,
  doi = {10.1038/s41597-022-01173-0},
  url = {https://doi.org/10.1038/s41597-022-01173-0},
  year = {2022},
  month = mar,
  publisher = {Springer Science and Business Media {LLC}},
  volume = {9},
  number = {1},
  author = {Julia Berezutskaya and Mariska J. Vansteensel and Erik J. Aarnoutse and Zachary V. Freudenburg and Giovanni Piantoni and Mariana P. Branco and Nick F. Ramsey},
  title = {Open multimodal {iEEG}-{fMRI} dataset from naturalistic stimulation with a short audiovisual film},
  journal = {Scientific Data}
}


@article{menon1999spatial,
  title={Spatial and temporal limits in cognitive neuroimaging with fMRI},
  author={Menon, Ravi S and Kim, Seong-Gi},
  journal={Trends in cognitive sciences},
  volume={3},
  number={6},
  pages={207--216},
  year={1999},
  publisher={Elsevier}
}

@article{audiofeaturetrends,
  title={Trends in audio signal feature extraction methods},
  author={Garima Sharma, Kartikeyan Umapathy, Sridhar Krishnan},
  journal={https://www.sciencedirect.com/science/article/pii/S0003682X19308795},
  year={2020}
}
@article{mfcc,
  title={A Scale for the Measurement of the Psychological Magnitude Pitch},
  author={S. S. Stevens; J. Volkmann; E. B. Newman},
  journal={doi:10.1121/1.1915893}
}

@article{hetero,
  title={A Heteroscedasticity-Consistent Covariance Matrix Estimator and a Direct Test for Heteroscedasticity.},
  author={White, H.},
  journal={https://doi.org/10.2307/1912934}
}
